<?xml version="1.0" encoding="utf-8"?>
<record xmlns="http://www.loc.gov/MARC21/slim" xmlns:xsi="http://www.w3.org/2001/XMLSchema-instance" xsi:schemaLocation="http://www.loc.gov/MARC21/slim http://www.loc.gov/standards/marcxml/schema/MARC21slim.xsd">
	<leader>     nam a22     Mi 4500</leader>
	<controlfield tag="001">6357</controlfield>
	<controlfield tag="003">aeadna</controlfield>
	<controlfield tag="006">m        d        </controlfield>
	<controlfield tag="007">cr cn |||m|||a</controlfield>
	<controlfield tag="008">220311 1936    ua 0010fora da00  p ara d</controlfield>
	<datafield ind1=" " ind2=" " tag="040">
		<subfield code="a">ZYU</subfield>
		<subfield code="b">ara</subfield>
		<subfield code="c">ZYU</subfield>
	</datafield>
	<datafield ind1="0" ind2=" " tag="041">
		<subfield code="a">ara</subfield>
	</datafield>
	<datafield ind1=" " ind2="4" tag="050">
		<subfield code="a">PJ7750.M8</subfield>
		<subfield code="b">A17 1936</subfield>
	</datafield>
	<datafield ind1=" " ind2=" " tag="066">
		<subfield code="c">(3</subfield>
	</datafield>
	<datafield ind1="1" ind2="0" tag="082">
		<subfield code="a">811.009</subfield>
		<subfield code="b">21</subfield>
	</datafield>
	<datafield ind1="1" ind2=" " tag="100">
		<subfield code="a">المتنبي، أبو الطيب أحمد بن الحسين،</subfield>
		<subfield code="d">915 أو 16-965</subfield>
	</datafield>
	<datafield ind1="1" ind2="0" tag="245">
		<subfield code="a">ديوان أبي الطيب المتنبي بشرح أبي البقاء الكعبري، المسمى، بالتبيان في شرح الديوان</subfield>
		<subfield code="h">[electronic resource] /</subfield>
		<subfield code="c">لأبي الطيب المتنبي؛ ضبطه وصححه ووضع فهارسه مصطفى السقا، إبراهيم الابياري، عبد الحفيظ شلبي</subfield>
	</datafield>
	<datafield ind1="0" ind2="3" tag="246">
		<subfield code="a">التبيان في شرح الديوان</subfield>
	</datafield>
	<datafield ind1=" " ind2=" " tag="260">
		<subfield code="a">القاهرة:</subfield>
		<subfield code="b">مطبعة مصطفى الباني الحلبي وأولاده،</subfield>
		<subfield code="c">1936م.</subfield>
	</datafield>
	<datafield ind1=" " ind2=" " tag="300">
		<subfield code="a">online resource (ج. 1 (387 ص.)؛)</subfield>
	</datafield>
	<datafield ind1=" " ind2=" " tag="500">
		<subfield code="a">يحتاج الكتاب إلى صيانة وترميم.</subfield>
	</datafield>
	<datafield ind1=" " ind2=" " tag="500">
		<subfield code="a">يتوافر بالمكتبة الجزء الأول فقط.</subfield>
	</datafield>
	<datafield ind1=" " ind2=" " tag="500">
		<subfield code="a">وضع  المحققون الثلاثة فهارسه</subfield>
	</datafield>
	<datafield ind1=" " ind2=" " tag="500">
		<subfield code="a">Part of the Arabic Collections Online (ACO) project, contributed by United Arab Emirates National Archives.</subfield>
	</datafield>
	<datafield ind1=" " ind2=" " tag="533">
		<subfield code="a">Electronic reproduction.</subfield>
		<subfield code="b">New York, N.Y. :</subfield>
		<subfield code="c">New York University,</subfield>
		<subfield code="d">2022.</subfield>
		<subfield code="5">NNU</subfield>
	</datafield>
	<datafield ind1="1" ind2="4" tag="600">
		<subfield code="a">المتنبي، أبو الطيب أحمد بن الحسين،</subfield>
		<subfield code="d">915 أو 16-965</subfield>
		<subfield code="v">دواوين و قصائد</subfield>
	</datafield>
	<datafield ind1=" " ind2="4" tag="650">
		<subfield code="a">الشعر العربي</subfield>
		<subfield code="x">تاريخ ونقد</subfield>
		<subfield code="y">العصر العباسي</subfield>
	</datafield>
	<datafield ind1=" " ind2="4" tag="650">
		<subfield code="a">الشعر العربي</subfield>
		<subfield code="x">تاريخ ونقد</subfield>
	</datafield>
	<datafield ind1=" " ind2="4" tag="650">
		<subfield code="a">الشعر العربي</subfield>
		<subfield code="v">دواوين وقصائد</subfield>
	</datafield>
	<datafield ind1="1" ind2=" " tag="700">
		<subfield code="a">العكبري، عبد الله بن الحسين،</subfield>
		<subfield code="d">1143 أو 1144-1219</subfield>
		<subfield code="t">التبيان في شرح الديوان.</subfield>
	</datafield>
	<datafield ind1="1" ind2=" " tag="700">
		<subfield code="a">السقا، مصطفى،</subfield>
		<subfield code="e">محقق.</subfield>
	</datafield>
	<datafield ind1="1" ind2=" " tag="700">
		<subfield code="a">الأبيارى، إبراهيم</subfield>
		<subfield code="e">محقق.</subfield>
	</datafield>
	<datafield ind1="1" ind2=" " tag="700">
		<subfield code="a">شلبي، عبد الحفيظ،</subfield>
		<subfield code="e">محقق.</subfield>
	</datafield>
	<datafield ind1="2" ind2=" " tag="710">
		<subfield code="a">Abu Dhabi (United Arab Emirates).</subfield>
		<subfield code="b">National Archives.</subfield>
	</datafield>
	<datafield ind1="0" ind2=" " tag="730">
		<subfield code="a">Arabic Collections Online.</subfield>
	</datafield>
	<datafield ind1="0" ind2="8" tag="776">
		<subfield code="i">Print version:</subfield>
		<subfield code="a">المتنبي، أبو الطيب أحمد بن الحسين، 915 أو 16-965</subfield>
		<subfield code="t">ديوان أبي الطيب المتنبي بشرح أبي البقاء الكعبري، المسمى، بالتبيان في شرح الديوان</subfield>
		<subfield code="w">(aeadna)6357</subfield>
	</datafield>
	<datafield ind1="4" ind2="0" tag="856">
		<subfield code="u">http://hdl.handle.net/2333.1/kkwh7bpm</subfield>
	</datafield>
	<datafield ind1=" " ind2=" " tag="949">
		<subfield code="a">811.009 غ ب د </subfield>
		<subfield code="v"> (m31</subfield>
		<subfield code="w">DDC</subfield>
		<subfield code="i">30018000001074</subfield>
		<subfield code="u">07/08/2003</subfield>
		<subfield code="d">09/06/2010</subfield>
		<subfield code="e">03/21/2006</subfield>
		<subfield code="n">1</subfield>
		<subfield code="t">RAR</subfield>
		<subfield code="l">i</subfield>
		<subfield code="m">MAIN</subfield>
		<subfield code="j">0</subfield>
		<subfield code="x">RAR</subfield>
	</datafield>
	<datafield ind1=" " ind2=" " tag="959">
		<subfield code="a">NNU</subfield>
		<subfield code="b">WEB</subfield>
		<subfield code="c">GENI</subfield>
		<subfield code="t">0</subfield>
		<subfield code="m">Electronic access</subfield>
		<subfield code="s">01</subfield>
	</datafield>
	<datafield ind1=" " ind2=" " tag="999">
		<subfield code="i">aeadna_6357</subfield>
		<subfield code="s">uaena_aco000085:1</subfield>
		<subfield code="e">(ERROR-880)(ERROR-MISC)</subfield>
	</datafield>
</record>
